<?xml version="1.0" encoding="UTF-8"?><record xmlns="http://www.loc.gov/MARC21/slim" xmlns:cinclude="http://apache.org/cocoon/include/1.0" xmlns:zs="http://www.loc.gov/zing/srw/">
  <leader>00626cz  a2200157n  4500</leader>
  <controlfield tag="001">n  85011807 </controlfield>
  <controlfield tag="003">DLC</controlfield>
  <controlfield tag="005">20080627075338.0</controlfield>
  <controlfield tag="008">850321n| acannaabn          |a aaa      </controlfield>
  <datafield tag="010" ind1=" " ind2=" ">
    <subfield code="a">n  85011807 </subfield>
  </datafield>
  <datafield tag="035" ind1=" " ind2=" ">
    <subfield code="a">(OCoLC)oca01291316</subfield>
  </datafield>
  <datafield tag="040" ind1=" " ind2=" ">
    <subfield code="a">DLC</subfield>
    <subfield code="b">eng</subfield>
    <subfield code="c">DLC</subfield>
    <subfield code="d">DLC</subfield>
    <subfield code="d">OCoLC</subfield>
  </datafield>
  <datafield tag="100" ind1="1" ind2=" ">
    <subfield code="a">Arambarri y Cazalis, Pablo de</subfield>
  </datafield>
  <datafield tag="400" ind1="1" ind2=" ">
    <subfield code="a">De Arambarri y Cazalis, Pablo</subfield>
  </datafield>
  <datafield tag="400" ind1="1" ind2=" ">
    <subfield code="a">Cazalis, Pablo de Arambarri y</subfield>
  </datafield>
  <datafield tag="670" ind1=" " ind2=" ">
    <subfield code="a">His Estudio de la contaminación del río Guadiamar y su zona de influencia (Marismas del Guadalquivir y Coto Doñana), por residuos de industrias mineras y agrícolas, 1984?:</subfield>
    <subfield code="b">t.p. (Pablo de Arambarri y Cazalis)</subfield>
  </datafield>
</record>